2998 4938
718 459 1751 588 -PRAEFATio

262 676 536 741 ‘natum
570 654 853 754 quando
878 673 1117 727 autem
1143 655 1331 728 nulla
1352 655 1813 730 occurrebant
1843 679 2005 731 meo
2015 654 2200 755 jure,

284 804 366 857 ut
402 782 685 891 opinor,
738 782 1060 882 imposui,
1143 796 1149 801 ’

388 912 656 1009 Qoad
688 912 846 984 loca
878 910 1125 982 natalia
1157 910 1550 1008 plantarum
1600 909 1753 985 satis
1798 913 1962 985 du'xi
2020 912 2203 985 ihdi·
2285 969 2291 976 .

285 1039 465 1112 caffe
496 1038 741 1127 solum,
777 1063 922 1137 quo
971 1038 1281 1112 maxime
1311 1042 1636 1137 vulgares
1668 1039 1913 1138 sponte
1938 1067 2193 1138 prove-

285 1166 491 1238 niunt
520 1202 541 1251 ;
595 1167 841 1239 locum
894 1165 1068 1237 vero
1120 1164 1460 1237 rariorum
1515 1158 1788 1263 semper
1824 1168 2060 1240 notavi
2107 1189 2201 1239 ex

282 1293 453 1365 Raii
480 1292 779 1390 Synopsi
797 1291 1044 1366 ultima
1063 1291 1364 1364 editione
1385 1312 1453 1395 et
1472 1316 1560 1363 ex
1578 1282 2194 1380 observationibus,

279 1416 426 1515 five
460 1421 783 1516 propriis,
818 1421 954 1494 five
988 1421 1406 1494 amicorum.

352 1608 357 1613 .
384 1546 805 1619 Plantarum
825 1566 1139 1619 naturam
1160 1546 1403 1642 quoad
1428 1544 1869 1620 durationem
1897 1545 2197 1618 indicavi

282 1664 491 1762 fignis
524 1668 1014 1765 sequentibus3
1065 1667 1211 1739 viz.
1258 1680 1315 1737 Θ
1360 1690 1701 1755 annuum,
1769 1674 1810 1733 ἃ
1856 1668 2205 1753 biennum

285 1809 349 1873 ἰι
395 1811 789 1885 perennem
821 1787 1067 1859 innuit.

380 1914 573 1985 Hoc
606 1911 883 2047 fignum
936 1925 979 1989 b
1020 1872 1347 1983 fruticem
1373 1911 1484 1982 vel
1506 1910 1830 1982 arborem
1864 1911 2194 2010 designat.

381 2032 696 2108 Numeri
755 2032 1310 2121 1‚11‚111‚&c.
1377 2052 1657 2128 tempus
1693 2032 1986 2105 florendi
2019 2034 2196 2106 indi-

277 2178 467 2247 cant,
496 2159 635 2234 viz.
658 2144 1100 2254 Jmuarium,
1130 2158 1616 2245 Februarium,
1650 2159 2016 2247 Martium,
2051 2161 2196 2259 &cg

383 2289 668 2360 Plantas
683 2290 899 2362 cultas
913 2310 1057 2361 non
1071 2308 1306 2377 autem
1326 2287 1680 2383 indigenas
1699 2311 1818 2360 orn
1828 2289 1990 2361 nino
2010 2291 2194 2361 omi-

280 2414 354 2503 fi,
406 2434 494 2490 ut
510 2419 852 2491 -Avenam
883 2416 1217 2504 sativam,
1240 2416 1609 2491 Triticum,
1637 2414 1953 2506 sativum,
1997 2415 2192 2489 Sola-

281 2559 460 2609 num
495 2538 921 2626 tuberosum,
956 2539 1096 2611 &c.

376 2658 649 2731 Plantae
683 2682 846 2757 quae
879 2659 1015 2731 fine
1051 2656 1323 2729 cultura
1353 2680 1494 2729 non
1537 2681 1691 2730 raro
1749 2657 2196 2731 inveniuntur

278 2805 476 2857 exn-a
538 2787 907 2858 hortorum
973 2784 1337 2910 pomaeria,
1416 2782 1532 2855 sed
1580 2806 1743 2882 quae
1785 2783 1875 2856 ab
1928 2782 2193 2881 origine

284 2907 872 3004 propagationem
906 2902 1147 2982 eorum
1184 2904 1688 3003 rejeetamentis
1722 2906 1971 2981 debeat
2016 2906 2188 2980 aste-

282 3029 460 3103 risco
492 3032 536 3073 ¹*
570 3031 1129 3129 distinguuntur.·
1180 3029 1186 3040 ’
1501 3111 1504 3114 ,

379 3158 601 3231 Hanc
675 3158 1111 3231 occafionem
1184 3157 1427 3230 lubens
1484 3158 1885 3255 ampleelor
1942 3157 2192 3253 gratias

285 3279 535 3375 agendi
569 3279 839 3367 amicis,
893 3281 1020 3384 qui
1080 3280 1252 3352 mihi
1304 3282 1577 3377 plantas
1621 3305 1755 3378 pro
1787 3304 2034 3352 eorum
2072 3279 2191 3351 be-

282 3405 671 3505 nevolentia
742 3405 1281 3505 suppeditarunt⁴
1321 3408 1496 3482 inter
1544 3433 1724 3507 quos
1790 3405 2195 3480 nominandi

285 3523 441 3598 fimt
464 3528 763 3602 Domini
787 3528 1171 3616 Alchorne,
1209 3530 1486 3616 Bolton‚
1512 3532 1570 3601 C
1577 3529 1892 3615 ollinson,
1921 3532 2192 3625 LyonS,

283 3649 554 3738 Miller,
587 3653 918 3751 Pultney‚
972 3653 1285 3742 Watson,
1326 3657 1542 3728 M.D.
1603 3656 1934 3741 Wilmer,
1973 3634 2190 3730 M.D‘.

284 3777 637 3874 praecipue
670 3806 836 3857 vero
870 3783 967 3854 D.
1011 3781 1470 3878 Stillingfleet,
1508 3782 1631 3881 qui
1666 3802 1738 3855 et
1771 3781 1906 3853 hoe
1939 3800 2010 3854 et
2043 3781 2192 3854 aliis

287 3901 617 3980 amicitiae
646 3903 975 3999 privatim
1008 3925 1080 3978 et
1102 3907 1382 4003 publice
1417 3906 1690 3979 fundtus
1723 3907 1840 3979 est.

380 4025 749 4098 caeterum
777 4029 1093 4125 quamvis
1120 4030 1285 4102 nihil
1309 4030 1522 4103 sciens
1547 4029 1978 4129 praetermiffi
1997 4028 2193 4126 quod

288 4148 588 4226 conferoe
609 4151 848 4250 potuit
872 4152 1283 4230 elucidando
1299 4143 1303 4154 ⁸
1321 4178 1473 4228 rem
1498 4151 1897 4250 subjectam,
1932 4175 2073 4223 non
2097 4151 2193 4223 la·

2039 4270 2192 4344 bori
